<?xml version="1.0" encoding="UTF-8"?>
  <record xmlns="http://www.loc.gov/MARC21/slim" type="Authority">
    <leader>00000nz  a2200000nc 4500</leader>
    <controlfield tag="001">122102991</controlfield>
    <controlfield tag="003">DE-101</controlfield>
    <controlfield tag="005">20170210160141.0</controlfield>
    <controlfield tag="008">000605n||aznnnaabn           | aaa    |c</controlfield>
    <datafield tag="024" ind1="7" ind2=" ">
      <subfield code="a">122102991</subfield>
      <subfield code="0">http://d-nb.info/gnd/122102991</subfield>
      <subfield code="2">gnd</subfield>
    </datafield>
    <datafield tag="035" ind1=" " ind2=" ">
      <subfield code="a">(DE-101)122102991</subfield>
    </datafield>
    <datafield tag="035" ind1=" " ind2=" ">
      <subfield code="a">(DE-588)122102991</subfield>
    </datafield>
    <datafield tag="035" ind1=" " ind2=" ">
      <subfield code="z">(DE-588a)122102991</subfield>
      <subfield code="9">v:zg</subfield>
    </datafield>
    <datafield tag="040" ind1=" " ind2=" ">
      <subfield code="a">DE-12</subfield>
      <subfield code="c">DE-12</subfield>
      <subfield code="9">r:DE-12</subfield>
      <subfield code="b">ger</subfield>
      <subfield code="d">9999</subfield>
    </datafield>
    <datafield tag="042" ind1=" " ind2=" ">
      <subfield code="a">gnd1</subfield>
    </datafield>
    <datafield tag="075" ind1=" " ind2=" ">
      <subfield code="b">p</subfield>
      <subfield code="2">gndgen</subfield>
    </datafield>
    <datafield tag="075" ind1=" " ind2=" ">
      <subfield code="b">piz</subfield>
      <subfield code="2">gndspec</subfield>
    </datafield>
    <datafield tag="079" ind1=" " ind2=" ">
      <subfield code="a">g</subfield>
      <subfield code="q">a</subfield>
      <subfield code="q">f</subfield>
    </datafield>
    <datafield tag="100" ind1="1" ind2=" ">
      <subfield code="a">Pletz, Martin</subfield>
      <subfield code="d">-1605</subfield>
    </datafield>
    <datafield tag="400" ind1="1" ind2=" ">
      <subfield code="a">Plecius, Martin</subfield>
      <subfield code="d">-1605</subfield>
    </datafield>
    <datafield tag="400" ind1="1" ind2=" ">
      <subfield code="a">Pless, Martin</subfield>
      <subfield code="d">-1605</subfield>
    </datafield>
    <datafield tag="400" ind1="1" ind2=" ">
      <subfield code="a">Plecius, Martinus</subfield>
      <subfield code="d">-1605</subfield>
    </datafield>
    <datafield tag="400" ind1="1" ind2=" ">
      <subfield code="a">Plessius, Martinus</subfield>
      <subfield code="d">-1605</subfield>
    </datafield>
    <datafield tag="500" ind1="1" ind2=" ">
      <subfield code="0">(DE-101)119647796</subfield>
      <subfield code="0">(DE-588)119647796</subfield>
      <subfield code="0">https://d-nb.info/gnd/119647796</subfield>
      <subfield code="a">Creisbach, Peter</subfield>
      <subfield code="4">beza</subfield>
      <subfield code="4">https://d-nb.info/standards/elementset/gnd#acquaintanceshipOrFriendship</subfield>
      <subfield code="w">r</subfield>
      <subfield code="i">Bekanntschaft</subfield>
      <subfield code="e">Bekanntschaft</subfield>
      <subfield code="9">v:VD-16 Mitverf.</subfield>
    </datafield>
    <datafield tag="500" ind1="1" ind2=" ">
      <subfield code="0">(DE-101)124754376</subfield>
      <subfield code="0">(DE-588)124754376</subfield>
      <subfield code="0">https://d-nb.info/gnd/124754376</subfield>
      <subfield code="a">Lindeberg, Peter</subfield>
      <subfield code="d">1562-1596</subfield>
      <subfield code="4">beza</subfield>
      <subfield code="4">https://d-nb.info/standards/elementset/gnd#acquaintanceshipOrFriendship</subfield>
      <subfield code="w">r</subfield>
      <subfield code="i">Bekanntschaft</subfield>
      <subfield code="e">Bekanntschaft</subfield>
      <subfield code="9">v:VD-16 Mitverf.</subfield>
    </datafield>
    <datafield tag="500" ind1="1" ind2=" ">
      <subfield code="0">(DE-101)119789515</subfield>
      <subfield code="0">(DE-588)119789515</subfield>
      <subfield code="0">https://d-nb.info/gnd/119789515</subfield>
      <subfield code="a">Pistorius, Theodor</subfield>
      <subfield code="4">beza</subfield>
      <subfield code="4">https://d-nb.info/standards/elementset/gnd#acquaintanceshipOrFriendship</subfield>
      <subfield code="w">r</subfield>
      <subfield code="i">Bekanntschaft</subfield>
      <subfield code="e">Bekanntschaft</subfield>
      <subfield code="9">v:VD-16 Mitverf.</subfield>
    </datafield>
    <datafield tag="500" ind1="1" ind2=" ">
      <subfield code="a">Ens, Kaspar</subfield>
      <subfield code="4">beza</subfield>
      <subfield code="4">https://d-nb.info/standards/elementset/gnd#acquaintanceshipOrFriendship</subfield>
      <subfield code="w">r</subfield>
      <subfield code="i">Bekanntschaft</subfield>
      <subfield code="e">Bekanntschaft</subfield>
      <subfield code="9">v:VD-16 Mitverf.</subfield>
    </datafield>
    <datafield tag="500" ind1="1" ind2=" ">
      <subfield code="0">(DE-101)140898565</subfield>
      <subfield code="0">(DE-588)140898565</subfield>
      <subfield code="0">https://d-nb.info/gnd/140898565</subfield>
      <subfield code="a">Hahn, Wolfgang</subfield>
      <subfield code="d">1557-1626</subfield>
      <subfield code="4">beza</subfield>
      <subfield code="4">https://d-nb.info/standards/elementset/gnd#acquaintanceshipOrFriendship</subfield>
      <subfield code="w">r</subfield>
      <subfield code="i">Bekanntschaft</subfield>
      <subfield code="e">Bekanntschaft</subfield>
      <subfield code="9">v:VD-16 Mitverf.</subfield>
    </datafield>
    <datafield tag="500" ind1="1" ind2=" ">
      <subfield code="0">(DE-101)117205907</subfield>
      <subfield code="0">(DE-588)117205907</subfield>
      <subfield code="0">https://d-nb.info/gnd/117205907</subfield>
      <subfield code="a">Mylius, Andreas</subfield>
      <subfield code="d">1527-1594</subfield>
      <subfield code="4">beza</subfield>
      <subfield code="4">https://d-nb.info/standards/elementset/gnd#acquaintanceshipOrFriendship</subfield>
      <subfield code="w">r</subfield>
      <subfield code="i">Bekanntschaft</subfield>
      <subfield code="e">Bekanntschaft</subfield>
      <subfield code="9">v:VD-16 Mitverf.</subfield>
    </datafield>
    <datafield tag="500" ind1="1" ind2=" ">
      <subfield code="0">(DE-101)119693356</subfield>
      <subfield code="0">(DE-588)119693356</subfield>
      <subfield code="0">https://d-nb.info/gnd/119693356</subfield>
      <subfield code="a">Grummer, Otto</subfield>
      <subfield code="4">beza</subfield>
      <subfield code="4">https://d-nb.info/standards/elementset/gnd#acquaintanceshipOrFriendship</subfield>
      <subfield code="w">r</subfield>
      <subfield code="i">Bekanntschaft</subfield>
      <subfield code="e">Bekanntschaft</subfield>
      <subfield code="9">v:VD-16 Mitverf.</subfield>
    </datafield>
    <datafield tag="500" ind1="1" ind2=" ">
      <subfield code="a">Froben, Georg Ludwig</subfield>
      <subfield code="4">beza</subfield>
      <subfield code="4">https://d-nb.info/standards/elementset/gnd#acquaintanceshipOrFriendship</subfield>
      <subfield code="w">r</subfield>
      <subfield code="i">Bekanntschaft</subfield>
      <subfield code="e">Bekanntschaft</subfield>
      <subfield code="9">v:VD-16 Mitverf.</subfield>
    </datafield>
    <datafield tag="500" ind1="1" ind2=" ">
      <subfield code="0">(DE-101)116276967</subfield>
      <subfield code="0">(DE-588)116276967</subfield>
      <subfield code="0">https://d-nb.info/gnd/116276967</subfield>
      <subfield code="a">Possel, Johann</subfield>
      <subfield code="d">1528-1591</subfield>
      <subfield code="4">beza</subfield>
      <subfield code="4">https://d-nb.info/standards/elementset/gnd#acquaintanceshipOrFriendship</subfield>
      <subfield code="w">r</subfield>
      <subfield code="i">Bekanntschaft</subfield>
      <subfield code="e">Bekanntschaft</subfield>
      <subfield code="9">v:VD-16 Mitverf.</subfield>
    </datafield>
    <datafield tag="500" ind1="1" ind2=" ">
      <subfield code="0">(DE-101)116713550</subfield>
      <subfield code="0">(DE-588)116713550</subfield>
      <subfield code="0">https://d-nb.info/gnd/116713550</subfield>
      <subfield code="a">Sabinus, Georg</subfield>
      <subfield code="d">1508-1560</subfield>
      <subfield code="4">beza</subfield>
      <subfield code="4">https://d-nb.info/standards/elementset/gnd#acquaintanceshipOrFriendship</subfield>
      <subfield code="w">r</subfield>
      <subfield code="i">Bekanntschaft</subfield>
      <subfield code="e">Bekanntschaft</subfield>
      <subfield code="9">v:VD-16 Mitverf.</subfield>
    </datafield>
    <datafield tag="548" ind1=" " ind2=" ">
      <subfield code="a">-1605</subfield>
      <subfield code="4">datl</subfield>
      <subfield code="4">https://d-nb.info/standards/elementset/gnd#dateOfDeath</subfield>
      <subfield code="w">r</subfield>
      <subfield code="i">Lebensdaten</subfield>
    </datafield>
    <datafield tag="667" ind1=" " ind2=" ">
      <subfield code="a">VD-17</subfield>
    </datafield>
    <datafield tag="667" ind1=" " ind2=" ">
      <subfield code="a">VD-16</subfield>
    </datafield>
    <datafield tag="672" ind1=" " ind2="0">
      <subfield code="a">Eine Ehrenpredigt ... . - 1602</subfield>
    </datafield>
    <datafield tag="672" ind1=" " ind2="0">
      <subfield code="a">Pletz, Martin: DE LAVDIBVS MARCHIAE BRANDEBVRGENSIS. ORATIO M. MARTINI PLESSII VVilsenacensis..  1581.  (VD16 P 3474)</subfield>
    </datafield>
    <datafield tag="672" ind1=" " ind2="0">
      <subfield code="a">Pletz, Martin: EPITHALAMION Nuptiis M.PAVLI SPERLINGII RECTORIS SCHOLAE HAMBVRGENSIS scriptum A ...  1592.  (VD16 P 3473)</subfield>
    </datafield>
    <datafield tag="672" ind1=" " ind2="0">
      <subfield code="a">Creisbach, Peter: NVPTIIS REVERENDI ET DOCTISSIMI VIRI. DOMINI M. IOHANNIS HOLLENHAGEN, ET PVDICISSIMAE ...  1574.  (VD16 C 5758)</subfield>
    </datafield>
    <datafield tag="672" ind1=" " ind2="0">
      <subfield code="a">Lindeberg, Peter: PETRI LINDEBERGII ROSTOCHIENSIS. \=Ghēdysmatōn\=g Partes tres. Nunc primùm ab Auctore ...  1592.  (VD16 L 1867)</subfield>
    </datafield>
    <datafield tag="672" ind1=" " ind2="0">
      <subfield code="a">Lindeberg, Peter: PETRI LINDEBERGII ROSTOCHIENSIS Iuuenilium partes tres. ... Accesserunt his in fine ...  1595.  (VD16 L 1872)</subfield>
    </datafield>
    <datafield tag="672" ind1=" " ind2="0">
      <subfield code="a">Pistorius, Theodor: CARMEN IN FELICEM REDITVM REVERENDISSIMI ET ILLVSTRISSIMI PRINCIPIS ET DOMINI, ...  1594.  (VD16 P 3067)</subfield>
    </datafield>
    <datafield tag="672" ind1=" " ind2="0">
      <subfield code="a">VOTA D.IOHANNI GEORGIO GODELMANNO, I.V.D. &amp; professori in Academia Rostochiensi, &amp; ...  1581.  (VD16 V 2781)</subfield>
    </datafield>
    <datafield tag="678" ind1=" " ind2=" ">
      <subfield code="b">"Wilsenacensem"; "Thumbprediger"</subfield>
    </datafield>
    <datafield tag="913" ind1=" " ind2=" ">
      <subfield code="S">pnd</subfield>
      <subfield code="i">a</subfield>
      <subfield code="a">Pletz, Martin</subfield>
      <subfield code="0">(DE-588a)122102991</subfield>
    </datafield>
  </record>
